<record><leader>01570cam a2200433 i 4500</leader><controlfield tag="001">6803604</controlfield><controlfield tag="003">OCoLC</controlfield><controlfield tag="005">20150202082143.0</controlfield><controlfield tag="008">140618t20152015enka     b    001 0 eng  </controlfield><datafield ind1=" " ind2=" " tag="010"><subfield code="a">  2014014364</subfield></datafield><datafield ind1=" " ind2=" " tag="020"><subfield code="a">9781138795242</subfield><subfield code="q">hardback</subfield></datafield><datafield ind1=" " ind2=" " tag="020"><subfield code="a">1138795240</subfield><subfield code="q">hardback</subfield></datafield><datafield ind1=" " ind2=" " tag="020"><subfield code="a">9781138795259</subfield><subfield code="q">paperback</subfield></datafield><datafield ind1=" " ind2=" " tag="020"><subfield code="a">1138795259</subfield><subfield code="q">paperback</subfield></datafield><datafield ind1=" " ind2=" " tag="020"><subfield code="z">9781315758541</subfield><subfield code="q">ebook</subfield></datafield><datafield ind1=" " ind2=" " tag="020"><subfield code="z">1315758547</subfield><subfield code="q">ebook</subfield></datafield><datafield ind1=" " ind2=" " tag="035"><subfield code="a">ocn881518438</subfield></datafield><datafield ind1=" " ind2=" " tag="040"><subfield code="a">DLC</subfield><subfield code="b">eng</subfield><subfield code="e">rda</subfield><subfield code="c">DLC</subfield><subfield code="d">YDX</subfield><subfield code="d">OCLCF</subfield><subfield code="d">YDXCP</subfield><subfield code="d">BUF</subfield><subfield code="d">OCLCQ</subfield><subfield code="d">NLGGC</subfield><subfield code="d">CDX</subfield><subfield code="d">UAB</subfield><subfield code="d">AEU</subfield></datafield><datafield ind1=" " ind2=" " tag="042"><subfield code="a">pcc</subfield></datafield><datafield ind1="0" ind2="0" tag="050"><subfield code="a">PN1995</subfield><subfield code="b">.E63 2015</subfield></datafield><datafield ind1="0" ind2="0" tag="082"><subfield code="a">791.43019</subfield><subfield code="2">23</subfield></datafield><datafield ind1=" " ind2=" " tag="084"><subfield code="a">PSY026000</subfield><subfield code="a">PSY045060</subfield><subfield code="a">SOC052000</subfield><subfield code="2">bisacsh</subfield></datafield><datafield ind1=" " ind2=" " tag="084"><subfield code="a">24.31</subfield><subfield code="2">bcl</subfield></datafield><datafield ind1=" " ind2=" " tag="090"><subfield code="a">PN 1995 E63 2015</subfield><subfield code="b">AEU</subfield></datafield><datafield ind1="0" ind2="0" tag="245"><subfield code="a">Embodied encounters :</subfield><subfield code="b">new approaches to psychoanalysis and cinema /</subfield><subfield code="c">edited by Agnieszka Piotrowska.</subfield></datafield><datafield ind1=" " ind2="1" tag="264"><subfield code="a">Hove, East Sussex ;</subfield><subfield code="a">New York, NY :</subfield><subfield code="b">Routledge/Taylor &amp; Francis Group,</subfield><subfield code="c">2015.</subfield></datafield><datafield ind1=" " ind2="4" tag="264"><subfield code="c">&#169;2015</subfield></datafield><datafield ind1=" " ind2=" " tag="300"><subfield code="a">xv, 236 pages :</subfield><subfield code="b">illustrations ;</subfield><subfield code="c">24 cm</subfield></datafield><datafield ind1=" " ind2=" " tag="336"><subfield code="a">text</subfield><subfield code="b">txt</subfield><subfield code="2">rdacontent</subfield></datafield><datafield ind1=" " ind2=" " tag="337"><subfield code="a">unmediated</subfield><subfield code="b">n</subfield><subfield code="2">rdamedia</subfield></datafield><datafield ind1=" " ind2=" " tag="338"><subfield code="a">volume</subfield><subfield code="b">nc</subfield><subfield code="2">rdacarrier</subfield></datafield><datafield ind1=" " ind2=" " tag="504"><subfield code="a">Includes bibliographical references and index.</subfield></datafield><datafield ind1=" " ind2=" " tag="596"><subfield code="a">43</subfield></datafield><datafield ind1=" " ind2="0" tag="650"><subfield code="a">Motion pictures</subfield><subfield code="x">Psychological aspects.</subfield></datafield><datafield ind1=" " ind2="0" tag="650"><subfield code="a">Psychoanalysis and motion pictures.</subfield></datafield><datafield ind1=" " ind2="0" tag="650"><subfield code="a">Jungian psychology.</subfield></datafield><datafield ind1="1" ind2=" " tag="700"><subfield code="a">Piotrowska, Agnieszka,</subfield><subfield code="e">editor.</subfield></datafield><datafield ind1=" " ind2=" " tag="949"><subfield code="a">PN 1995 E63 2015</subfield><subfield code="c">1</subfield><subfield code="h">UAHS-B</subfield><subfield code="i">0162035238680</subfield></datafield><datafield ind1=" " ind2=" " tag="926"><subfield code="a">PN 1995 E63 2015</subfield><subfield code="w">LC</subfield><subfield code="c">1</subfield><subfield code="i">0162035238680</subfield><subfield code="l">ON_SHELF</subfield><subfield code="m">UAHSS</subfield><subfield code="p">$150.00</subfield><subfield code="r">Y</subfield><subfield code="s">Y</subfield><subfield code="t">BOOK</subfield><subfield code="u">2/11/2015</subfield></datafield></record>